@article{spatial,
	title = {The spatial mechanisms mediating symmetry perception},
	journal = {Vision Research},
	volume = {37},
	number = {20},
	pages = {2915-2930},
	year = {1997},
	author = {Steven C. Dakin and Robert F. Hess}
}
@article{ffa,
  title={The fusiform face area: a module in human extrastriate cortex specialized for face perception},
  author={Kanwisher, Nancy and McDermott, Josh and Chun, Marvin M},
  journal={The Journal of Neuroscience},
  volume={17},
  number={11},
  pages={4302--4311},
  year={1997},
  publisher={Soc Neuroscience}
}