
@article{breslow_generalized_1996,
	title = {Generalized linear models: checking assumptions and strengthening conclusions},
	volume = {8},
	shorttitle = {Generalized linear models},
	urldate = {2015-12-01},
	journal = {Statistica Applicata},
	author = {Breslow, Norman E.},
	year = {1996},
	pages = {23--41}
}

@techreport{techreport,
	type = {Technical {Report}},
	title = {Sensitivity and specificity of information criteria},
	number = {12-119},
	urldate = {2015-12-14},
	institution = {The Pennsylvania State University},
	author = {Dziak, John and Coffman, Donna and Lanza, Stephanie and Li, Runze},
	month = jun,
	year = {2012}
}