
@article{modelselect,
	title = {Model {Selection} in {Linear} {Mixed} {Models}},
	volume = {28},
	issn = {0883-4237},
	language = {en},
	number = {2},
	urldate = {2015-12-02},
	journal = {Statistical Science},
	author = {MÃ¼ller, Samuel and Scealy, J. L. and Welsh, A. H.},
	month = may,
	year = {2013},
	pages = {135--167}
	}