@article{clarke,
	title = {Similar symmetries: the role of wallpaper groups in perceptual texture similarity},
	volume = {3},
	shorttitle = {Similar symmetries},
	number = {2},
	urldate = {2015-03-25},
	journal = {Symmetry},
	author = {Clarke, Alasdair DF and Green, Patrick R. and Halley, Fraser and Chantler, Mike J.},
	year = {2011},
	pages = {246--264}
}
@article{wallpaper-proof,
	author = {Federov, Evgraf},
	title= {Symmetry in the plane},
	journal = {Proceedings of the Imperial St. Petersburg Mineralogical Society},
	number = {2},
	volume = {28},
	pages = {245-291},
	year = {1891}
}

@article{yanxi1,
  title={A computational model for periodic pattern perception based on frieze and wallpaper groups},
  author={Liu, Yanxi and Collins, Robert T and Tsin, Yanghai},
  journal={Pattern Analysis and Machine Intelligence, IEEE Transactions on},
  volume={26},
  number={3},
  pages={354--371},
  year={2004},
  publisher={IEEE}
}
@inproceedings{yanxi2,
  title={Detecting and matching repeated patterns for automatic geo-tagging in urban environments},
  author={Schindler, Grant and Krishnamurthy, Panchapagesan and Lublinerman, Roberto and Liu, Yanxi and Dellaert, Frank},
  booktitle={IEEE Conference on Computer Vision and Pattern Recognition},
  pages={1--7},
  year={2008},
  organization={{IEEE}}
}