
@inproceedings{bilateral-qual,
	title = {Modeling qualitative differences in symmetry judgments},
	booktitle = {Proceedings of the eighteenth annual conference of the cognitive science society},
	author = {Ferguson, Ronald W. and Aminoff, Alexander and Gentner, Dedre},
	year = {1996},
	pages = {12}
}

@article{bilateral-color,
	title = {No role for colour in symmetry perception},
	volume = {399},
	number = {6732},
	urldate = {2015-09-03},
	journal = {Nature},
	author = {Morales, Dawn and Pashler, Harold},
	year = {1999},
	pages = {115--116}
}

@article{review,
	title = {Behind the {Looking}-{Glass}: {A} {Review} on {Human} {Symmetry} {Perception}},
	volume = {2},
	issn = {2073-8994},
	shorttitle = {Behind the {Looking}-{Glass}},
	language = {en},
	number = {3},
	urldate = {2015-05-05},
	journal = {Symmetry},
	author = {Treder, Matthias Sebastian},
	month = jul,
	year = {2010},
	pages = {1510--1543}
}

@article{bio,
	title = {Symmetry perception: {A} novel approach for biological shapes},
	volume = {42},
	shorttitle = {Symmetry perception},
	number = {5},
	urldate = {2015-03-25},
	journal = {Vision research},
	author = {Wilson, Hugh R. and Wilkinson, Frances},
	year = {2002},
	pages = {589--597}
}