
@inproceedings{nearregular,
	title = {Near-regular texture analysis and manipulation},
	volume = {23},
	url = {http://dl.acm.org/citation.cfm?id=1015731},
	urldate = {2016-01-29},
	booktitle = {{ACM} {Transactions} on {Graphics} ({TOG})},
	publisher = {ACM},
	author = {Liu, Yanxi and Lin, Wen-Chieh and Hays, James},
	year = {2004},
	pages = {368--376},
	file = {download.pdf:/home/jrc/.mozilla/firefox/jbld7d0d.default/zotero/storage/D6EFDCV4/download.pdf:application/pdf}
}