@article{clarke,
	title = {Similar symmetries: the role of wallpaper groups in perceptual texture similarity},
	volume = {3},
	shorttitle = {Similar symmetries},
	url = {http://www.mdpi.com/2073-8994/3/2/246},
	number = {2},
	urldate = {2015-03-25},
	journal = {Symmetry},
	author = {Clarke, Alasdair DF and Green, Patrick R. and Halley, Fraser and Chantler, Mike J.},
	year = {2011},
	pages = {246--264}
}
@article{wallpaper_proof,
	author = {Federov, Evgraf},
	title= {Symmetry in the plane},
	journal = {Proceedings of the Imperial St. Petersburg Mineralogical Society},
	number = {2},
	volume = {28},
	pages = {245-291},
	year = {1891}
}
@article{spatial,
	title = {The spatial mechanisms mediating symmetry perception},
	journal = {Vision Research},
	volume = {37},
	number = {20},
	pages = {2915-2930},
	year = {1997},
	author = {Steven C. Dakin and Robert F. Hess}
}