@article{yanxibook,
	title = {Computational {Symmetry} in {Computer} {Vision} and {Computer} {Graphics}},
	volume = {5},
	issn = {1572-2740, 1572-2759},
	url = {http://www.nowpublishers.com/article/Details/CGV-008},
	doi = {10.1561/0600000008},
	language = {en},
	number = {1-2},
	urldate = {2015-09-19},
	journal = {Foundations and TrendsÂ® in Computer Graphics and Vision},
	author = {Liu, Yanxi},
	year = {2008},
	pages = {1--195},
	file = {02e7e51ae11ffe4f9e000000.pdf:/home/jrc/.mozilla/firefox/jbld7d0d.default/zotero/storage/6VVSJ6S2/02e7e51ae11ffe4f9e000000.pdf:application/pdf}
}